@book{munkres2018analysis,
	title={Analysis On Manifolds},
	author={Munkres, J.R.},
	isbn={9780429962691},
	url={https://books.google.co.za/books?id=CGhQDwAAQBAJ},
	year={2018},
	publisher={CRC Press}
}